@phdthesis{fitzpatrick06,
	Author = {Justin Fitzpatrick},
	School = {MIT},
	Title = {The Syntactic and Semantic Roots of Floating Quantification},
	Year = {2006}}

@article{sportiche88,
	Author = {Dominique Sportiche},
	Journal = {Linguistic Inquiry},
	Pages = {425--449},
	Title = {A theory of floating quantifiers and its corollaries for constituent structure},
	Volume = {19},
	Year = {1988}}

@article{eckardt01,
	Author = {Regine Eckardt},
	Journal = {Natural Language Semantics},
	Pages = {371--412},
	Title = {Reanalysing Selbst},
	Volume = {9},
	Year = {2001}}

@article{edmondsonplank78,
	Author = {Jerold A. Edmondson and Frans Plank},
	Journal = {Linguistics and Philosophy},
	Number = {3},
	Pages = {373--413},
	Publisher = {Springer},
	Title = {Great expectations: An intensive self analysis},
	Volume = {2},
	Year = {1978}}

@incollection{tobi05,
	Author = {Mary E. Beckman and Julia Hirschberg and Stefanie Shattuck-Hufnagel},
	Booktitle = {Prosodic Typology},
	Editor = {Sun-Ah Jun},
	Publisher = {Oxford University Press},
	Title = {The Original {ToBI} System and the Evolution of the {ToBI} Framework},
	Year = {2005}}

@unpublished{ahn08,
	Author = {Byron Ahn},
	Month = {Mar},
	Note = {UCLA},
	Title = {A Case of {OCP} Effects in Intonational Phonology},
	Year = {2008}}
	
@inproceedings{ahn11,
	Author = {Byron Ahn},
	Booktitle = {Proceedings of the 18th Annual Conference of the {A}ustronesian {F}ormal {L}inguistics {A}ssociation},
	Title = {Tongan Relative Clauses at the Syntax-Prosody Interface},
	Year = {2011}}

@unpublished{ahn12,
	Author = {Byron Ahn},
	Note = {Presented at the 2012 Annual {LSA} Meeting},
	Title = {Default Sentential Stress and Non-Exceptional Reflexives},
	Year = {2012}}

@inproceedings{ahnsailor10,
	Author = {Byron Ahn and Craig Sailor},
	Booktitle = {Proceedings from the 46th Annual Meeting of the {C}hicago {L}inguistic {S}ociety},
	Title = {The Emerging Middle Class},
	Year = {To appear}}

@incollection{pierrehumberthirschberg90,
	Author = {Janet Pierrehumbert and Julia Hirschberg},
	Booktitle = {Intentions in Communication},
	Editor = {Philip R. Cohen and Jerry L. Morgan and Martha E. Pollack},
	Pages = {271--311},
	Publisher = {MIT Press},
	Title = {The Meaning of Intonational Contours in the Interpretation of Discourse},
	Year = {1990}}

@book{chomsky95,
	Author = {Noam Chomsky},
	Publisher = {MIT Press},
	Title = {The Minimalist Program},
	Year = {1995}}

@unpublished{dikken06,
	Author = {Marcel den Dikken},
	Note = {NYU},
	Title = {Phase extension: Contours of a theory of the role of head movement in phrasal extraction},
	Year = {2006}}

@book{chomsky81,
	Author = {Noam Chomsky},
	Publisher = {Walter de Gruyter},
	Title = {Lectures on Government and Binding},
	Year = {1981}}

@book{chomsky86b,
	Author = {Noam Chomsky},
	Publisher = {Praeger},
	Title = {Knowledge of Language: Its Nature, Origin and Use},
	Year = {1986}}

@book{chomsky86a,
	Author = {Noam Chomsky},
	Publisher = {MIT Press},
	Series = {Linguistic Inquiry Monographs},
	Title = {Barriers},
	Year = {1986}}

@incollection{ross69,
	Author = {John R. Ross},
	Booktitle = {Papers from the fifth regional meeting of the Chicago Linguistic Society},
	Editor = {Robert Binnick and Alice Davison and Georgia Green and Jerry Morgan},
	Pages = {252--286},
	Publisher = {University of Chicago},
	Title = {Guess Who},
	Year = {1969}}

@article{kuno72,
	Author = {Susumu Kuno},
	Journal = {Linguistic Inquiry},
	Number = {2},
	Pages = {161--195},
	Title = {Pronominalization, reflexivization, and direct discourse},
	Volume = {3},
	Year = {1972}}

@article{yamashita08,
	Author = {Hideaki Yamashita},
	Journal = {Toronto Working Papers in Linguistics},
	Pages = {375--394},
	Title = {Prosody and the syntax of \textit{shika}-{NPI}s in {T}okyo {J}apanese and its implications for the theory of grammar},
	Volume = {28},
	Year = {2008}}