@ARTICLE{BK2011,
   author = {{Boylan-Kolchin}, M. and {Bullock}, J.~S. and {Kaplinghat}, M.
	},
    title = "{The Milky Way's bright satellites as an apparent failure of LCDM}",
  journal = {ArXiv e-prints},
archivePrefix = "arXiv",
   eprint = {1111.2048},
 primaryClass = "astro-ph.CO",
 keywords = {Astrophysics - Cosmology and Extragalactic Astrophysics},
     year = 2011,
    month = nov,
   adsurl = {http://adsabs.harvard.edu/abs/2011arXiv1111.2048B},
  adsnote = {Provided by the SAO/NASA Astrophysics Data System}
}

@ARTICLE{S2006,
   author = {{Skibba}, R. and {Sheth}, R.~K. and {Connolly}, A.~J. and {Scranton}, R.
	},
    title = "{The luminosity-weighted or `marked' correlation function}",
  journal = {MNRAS},
   eprint = {arXiv:astro-ph/0512463},
 keywords = {methods: analytical: galaxies: formation: galaxies: haloes: dark matter: large-scale structure of Universe, methods: analytical, galaxies: formation, galaxies: haloes, dark matter, large-scale structure of Universe},
     year = 2006,
    month = jun,
   volume = 369,
    pages = {68-76},
      doi = {10.1111/j.1365-2966.2006.10196.x},
   adsurl = {http://adsabs.harvard.edu/abs/2006MNRAS.369...68S},
  adsnote = {Provided by the SAO/NASA Astrophysics Data System}
}
