
@article{yamashita08,
Author = {Hideaki Yamashita},
Journal = {Toronto Working Papers in Linguistics},
Pages = {375--394},
Title = {Prosody and the syntax of \textit{shika}-{NPI}s in {T}okyo {J}apanese and its implications for the theory of grammar},
Volume = {28},
Year = {2008}}

@techreport{Bender00,
	Author={P Bender and others},
	Title={{Laser Interferometer Space Antenna}: a cornerstone mission for the observation of gravitational waves},
	Year={2000},
	Month={},
	Number={ESA-SCI(2000)11}}

@book{numrec,
author = {Press, William H. and Teukolsky, Saul A. and Vetterling, William T. and Flannery, Brian P.},
title = {Numerical Recipes 3rd Edition: The Art of Scientific Computing},
year = {2007},
isbn = {0521880688, 9780521880688},
publisher = {Cambridge University Press},
address = {New York, NY, USA},
}

@article{OSE,
  author={N Brandt and others},
  title={End-to-end modelling for drag-free missions with application to LISA Pathfinder},
  journal={Automation and Remote Control},
  volume={66},
  number={6},
  pages={},
  url={},
  year={2004},
  abstract={}
}

%2004 16th IFAC Symp. on Automatic Control in Aerospace (St Petersburg)

%%MARK this article
@article{oms, 
  Author={Heather Audley  and others},
	Title={The LISA Pathfinder interferometry - hardware and system testing},
	Year={2010},
  journal={Classical and Quantum Gravity},
	Volume={This Volume},
	Number={},
	Pages={},
	Abstract={}}

@article{adrien, 
  Author={Adrien Grynagier and others},
	Title={Data Analysis for the LISA Pathfinder Drift Mode},
	Year={2010},
	Journal={Journal of Physics: Conference Series},
	Volume={Proceedings of the 8th International LISA Symposium},
	Number={},
	Pages={},
	Abstract={}}

@article{ssm, 
Author={Marc Diaz Aguil\/{o} and others},
Title={Modeling LISA Pathfinder for Data Analysis},
	Year={2010},
	Journal={Journal of Physics: Conference Series},
	Volume={Proceedings of the 8th International LISA Symposium},
	Number={},
	Pages={},
	Abstract={}}

@article{Nonlin, 
Author={Giuseppe Congedo and others},
Title={Non-linear parameter estimation for the LTP experiment},
	Year={2010},
	Journal={Journal of Physics: Conference Series},
	Volume={Proceedings of the 8th International LISA Symposium},
	Number={},
	Pages={},
	Abstract={}}

@article{LuigiAcc, 
Author={Luigi Ferraioli and others},
Title={Analysis of the residual force noise for the LISA Technology Package},
	Year={2010},
	Journal={Journal of Physics: Conference Series},
	Volume={Proceedings of the 8th International LISA Symposium},
	Number={},
	Pages={},
	Abstract={}}

@article{Monskey10, 
Author={A Monsky and M Hewitson and A Petiteau and E Plagnol and G Heinzel and K Danzmann},
Title={Injecting a non-Gaussian noise source into LISA simulations},
	Year={2010},
	Journal={Journal of Physics: Conference Series},
	Volume={Proceedings of the 8th International LISA Symposium},
	Number={},
	Pages={},
	Abstract={}}

%%MARK OMS

@article{frank_lisa7,
  author={F Steier and F Guzm√°n Cervantes and A F Garc√≠a Mar√≠n and D Gerardi and G Heinzel and K Danzmann},
  title={The end-to-end testbed of the optical metrology system on-board LISA Pathfinder},
  journal={Classical and Quantum Gravity},
  volume={26},
  number={9},
  pages={094010},
  year={2009},
}


%%MARK GRS
@article{Dolesi03,	Abstract = {We describe the current design of the European gravitational sensor (GS) for the LISA Technology Package (LTP) that, on board the mission SMART-2, aims to demonstrate geodetic motion within one order of magnitude of the anticipated LISA performance. We report also the development of a noise model used in assessing the performance and determining the feasibility of achieving the overall noise goals for the GS. This analysis includes environmental effects that will be present in the sensor. Finally, we discuss open questions regarding the GS for LTP and LISA, ground testing, and verification issues.},	Author = {R Dolesi and D Bortoluzzi and P Bosetti and L Carbone and A Cavalleri and I Cristofolini and M DaLio and G Fontana and V Fontanari and B Foulon and C D Hoyle and M Hueller and F Nappo and P Sarra and D N A Shaul and T Sumner and W J Weber and S Vitale},	Date-Added = {2010-05-05 14:34:30 +0200},	Date-Modified = {2010-05-05 14:34:43 +0200},	Journal = {Classical and Quantum Gravity},	Number = {10},	Pages = {S99},	Title = {Gravitational sensor for LISA and its technology demonstration mission},	Volume = {20},	Year = {2003}}

@article{Bortoluzzi04,	Abstract = {The LTP (LISA testflight package), to be flown aboard the ESA/NASA LISA pathfinder mission, aims to demonstrate drag-free control for LISA test masses with acceleration noise below 30 fm s −2 Hz −1/2 from 1--30 mHz. This paper describes the LTP measurement of random, position-independent forces acting on the test masses. In addition to putting an overall upper limit for all source of random force noise, LTP will measure the conversion of several key disturbances into acceleration noise and thus allow a more detailed characterization of the drag-free performance to be expected for LISA.},	Author = {D Bortoluzzi and L Carbone and A Cavalleri and M Da Lio and R Dolesi and C D Hoyle and M Hueller and S Vitale and W J Weber},	Date-Added = {2010-08-23 08:15:18 +0200},	Date-Modified = {2010-08-23 08:16:08 +0200},	Journal = {Classical and Quantum Gravity},	Number = {5},	Pages = {S573},	Title = {Measuring random force noise for LISA aboard the LISA pathfinder mission},	Volume = {21},	Year = {2004},	Bdsk-Url-1 = {http://stacks.iop.org/0264-9381/21/i=5/a=028}}

%	Url = {http://stacks.iop.org/0264-9381/21/i=5/a=028},%

@article{Ferraioli10,	Author = {Ferraioli, Luigi and Hueller, Mauro and Vitale, Stefano and Heinzel, Gerhard and Hewitson, Martin and Monsky, Anneke and Nofrarias, Miquel},	Date-Added = {2010-09-01 10:30:16 +0200},	Date-Modified = {2010-09-01 10:30:41 +0200},	Doi = {10.1103/PhysRevD.82.042001},	Journal = {Phys. Rev. D},	Month = {Aug},	Number = {4},	Numpages = {10},	Pages = {042001},	Publisher = {American Physical Society},	Title = {Calibrating spectral estimation for the LISA Technology Package with multichannel synthetic noise generation},	Volume = {82},	Year = {2010},	Bdsk-Url-1 = {http://dx.doi.org/10.1103/PhysRevD.82.042001}}

%%MARK Drag-free
@article{fichter05,
	Author={W. Fichter and P. Gath and S. Vitale and D. Bortoluzzi},
	Title={LISA Pathfinder drag-free control and system implications},
	Year={2005},
  journal={Classical and Quantum Gravity},
	Volume={22},
	Number={},
	Pages={139--148},
	Abstract={}}

@article{gerndt09,
  author={R Gerndt and the entire LTP Team},
  title={LTP -- LISA technology package: Development challenges of a spaceborne fundamental physics experiment},
  journal={Journal of Physics: Conference Series},
  volume={154},
  number={1},
  pages={012007},
  year={2009}
}
%%MARK LTPDA

@article{Hewitson09,
	Author={Hewitson, Martin and others},
	Title={Data analysis for the LISA Technology Package},
	Year={2009},
  journal={Classical and Quantum Gravity},
	Volume={26},
	Number={},
	Pages={094003},
	Abstract={}}

@article{Nofrarias10,
   author = {{Nofrarias}, M. and {R{\"o}ver}, C. and {Hewitson}, M. and {Monsky}, A. and 
	{Heinzel}, G. and {Danzmann}, K. and {Ferraioli}, L. and {Hueller}, M. and 
	{Vitale}, S.},
    title = "{Bayesian parameter estimation in the second LISA Pathfinder Mock Data Challenge}",
  journal = {ArXiv e-prints},
archivePrefix = "arXiv",
   eprint = {1008.5280},
 primaryClass = "gr-qc",
 keywords = {General Relativity and Quantum Cosmology, Physics - Data Analysis, Statistics and Probability},
     year = 2010,
    month = aug,
   adsurl = {http://adsabs.harvard.edu/abs/2010arXiv1008.5280N},
  adsnote = {Provided by the SAO/NASA Astrophysics Data System}
}

@article{Monsky09,
	Author={Monsky, Anneke and others},
	Title={The first mock data challenge for LISA Pathfinder},
	Year={2009},
  journal={Classical and Quantum Gravity},
	Volume={26},
	Number={},
	Pages={094004},
	Abstract={}}


@techreport{UTN-TN-3045,
	Author = {S Vitale},
	Date-Added = {2010-01-05 10:28:25 +0100},
	Date-Modified = {2010-01-14 18:01:31 +0100},
	Institution = {University of Trento},
	Month = {Aug},
	Number = {S2-UTN-TN-3045 Issue 2},
	Title = {Measurement of {LTP} dynamical coefficients by system identification},
	Year = {2008}}



@article{Lobo06b,
	Author = {Lobo, A. and others},
	Date-Added = {2010-01-05 11:04:41 +0100},
	Date-Modified = {2010-01-05 11:08:28 +0100},
	Doi = {10.1063/1.2218220},
	Journal = {AIP Conf. Proc.},
	Pages = {489-492},
	Slaccitation = {%%CITATION = APCPC,841,489;%%},
	Title = {Data and diagnostics in LISA Pathfinder},
	Volume = {841},
	Year = {2006},
	Bdsk-Url-1 = {http://dx.doi.org/10.1063/1.2218220}}


@book{Gelman,
	Author = {Gelman, A. and Carlin, J. B. and Stern, H. and Rubin, D. B.},
	Publisher = {Chapman \& Hall / CRC},
	Title = {Bayesian data analysis},
	Year = 1997}

@book{GilksRichardson,
	Author = {Gilks, W. R. and Richardson, S. and Spiegelhalter, D. J.},
	Publisher = {Chapman \& Hall / CRC},
	Title = {Markov chain Monte Carlo in practice},
	Year = 1996}


@article{Lobo06a,
	Archiveprefix = {arXiv},
	Author = {Lobo, Alberto and Nofrarias, Miquel and Ramos-Castro, Juan and Sanjuan, Josep},
	Date-Added = {2010-01-05 11:04:44 +0100},
	Date-Modified = {2010-01-05 11:08:20 +0100},
	Doi = {10.1088/0264-9381/23/17/005},
  journal={Classical and Quantum Gravity},
	Pages = {5177-5194},
	Slaccitation = {%%CITATION = GR-QC/0603102;%%},
	Title = {{On-ground tests of LISA PathFinder thermal diagnostics system}},
	Volume = {23},
	Year = {2006},
	Bdsk-Url-1 = {http://dx.doi.org/10.1088/0264-9381/23/17/005}}


@article{Nofrarias09,
	Author = {Nofrarias, Miquel and others},
	Date-Added = {2010-01-05 11:03:27 +0100},
	Date-Modified = {2010-01-05 11:03:48 +0100},
	Doi = {10.1088/1742-6596/154/1/012004},
	Journal = {Journal of Physics: Conference Series},
	Pages = {012004},
	Slaccitation = {%%CITATION = 00462,154,012004;%%},
	Title = {{Thermal coupling within LTP dynamics control loop}},
	Volume = {154},
	Year = {2009},
	Bdsk-Url-1 = {http://dx.doi.org/10.1088/1742-6596/154/1/012004}}

