
% My citations

@webpage{xcode,
	Url = {developer.apple.com}
	}

@webpage{texnicle,
	Url = {http://www.bobsoft-mac.de/texnicle/texnicle.html}
	}

@webpage{mactex, 
    Url = {http://www.tug.org/mactex/}
    }

