@techreport{Bender00,
	Author = {P Bender and others},
	Number = {ESA-SCI(2000)11},
	Title = {{Laser Interferometer Space Antenna}: a cornerstone mission for the observation of gravitational waves},
	Year = {2000}}

@book{numrec,
	Address = {New York, NY, USA},
	Author = {Press, William H. and Teukolsky, Saul A. and Vetterling, William T. and Flannery, Brian P.},
	Isbn = {0521880688, 9780521880688},
	Publisher = {Cambridge University Press},
	Title = {Numerical Recipes 3rd Edition: The Art of Scientific Computing},
	Year = {2007}}

@article{ST7,
	Adsnote = {Provided by the SAO/NASA Astrophysics Data System},
	Adsurl = {http://adsabs.harvard.edu/abs/2004ESASP.548..105O},
	Author = {{O'Donnell}, Jr., J.~R. and {Hsu}, O.~C. and {Hanson}, J. and {Hruby}, V.},
	Booktitle = {18th International Symposium on Space Flight Dynamics},
	Pages = {105-+},
	Series = {ESA Special Publication},
	Title = {{The Space Technology 7 Disturbance Reduction System}},
	Volume = 548,
	Year = 2004}

